@article{freeman1983secretary,
  title={The secretary problem and its extensions: A review},
  author={Freeman, PR},
  journal={International Statistical Review/Revue Internationale de Statistique},
  year={1983},
  publisher={JSTOR}
}

@article{whosolvedsecretary,
  title={Who Solved the Secretary Problem?},
  author={ Thomas S. Ferguson},
  journal={Statistical Science},
  year={1989},
  publisher={IMS}
}

@article{bearden2006new,
  title={A new secretary problem with rank-based selection and cardinal payoffs},
  author={Bearden, J Neil},
  journal={Journal of Mathematical Psychology},
  year={2006},
  publisher={Elsevier}
}

@inproceedings{cohen2019learning,
  title={Learning to Screen},
  author={Cohen, Alon and Hassidim, Avinatan and Kaplan, Haim and Mansour, Yishay and Moran, Shay},
  booktitle={Advances in Neural Information Processing Systems},
  year={2019}
}

@inproceedings{chakrabarty2008online,
  title={Online knapsack problems},
  author={Chakrabarty, Deeparnab and Zhou, Yunhong and Lukose, Rajan},
  booktitle={Workshop on internet and network economics (WINE)},
  year={2008}
}

@article{chow1964optimal,
  title={Optimal selection based on relative rank (the “secretary problem”)},
  author={Chow, YS and Moriguti, Sigaiti and Robbins, Herbert and Samuels, SM},
  journal={Israel Journal of mathematics},
  year={1964},
  publisher={Springer}
}

@inproceedings{assadi2019secretary,
  title={Secretary Ranking with Minimal Inversions},
  author={Assadi, Sepehr and Balkanski, Eric and Leme, Renato},
  booktitle={Advances in Neural Information Processing Systems},
  year={2019}
}

@inproceedings{chen2020stateful,
  title={Stateful detection of black-box adversarial attacks},
  author={Chen, Steven and Carlini, Nicholas and Wagner, David},
  booktitle={Proceedings of the 1st ACM Workshop on Security and Privacy on Artificial Intelligence},
  pages={30--39},
  year={2020}
}

@article{ezra2018prophets,
  title={Prophets and secretaries with overbooking},
  author={Ezra, Tomer and Feldman, Michal and Nehama, Ilan},
  year={2018}
}



@incollection{babaioff2007knapsack,
  title={A knapsack secretary problem with applications},
  author={Babaioff, Moshe and Immorlica, Nicole and Kempe, David and Kleinberg, Robert},
  booktitle={Approximation, randomization, and combinatorial optimization. Algorithms and techniques},
  year={2007},
  publisher={Springer}
}

@inproceedings{albers2019improved,
  title={Improved online algorithms for knapsack and GAP in the random order model},
  author={Albers, Susanne and Khan, Arindam and Ladewig, Leon},
  booktitle={Approximation, Randomization, and Combinatorial Optimization. Algorithms and Techniques},
  year={2019}
}


@inproceedings{goodfellow2014generative,
  title={Generative adversarial nets},
  author={Goodfellow, Ian and Pouget-Abadie, Jean and Mirza, Mehdi and Xu, Bing and Warde-Farley, David and Ozair, Sherjil and Courville, Aaron and Bengio, Yoshua},
  booktitle={Advances in Neural Information Processing Systems},
  year={2014}
}


@book{ben2009robust,
  title={Robust optimization},
  author={Ben-Tal, Aharon and El Ghaoui, Laurent and Nemirovski, Arkadi},
  year={2009},
  publisher={Princeton University Press}
}

@article{hornik1991approximation,
  title={Approximation capabilities of multilayer feedforward networks},
  author={Hornik, Kurt},
  journal={Neural networks},
  year={1991},
  publisher={Elsevier}
}

@article{nash1951non,
  title={Non-cooperative games},
  author={Nash, John},
  journal={Annals of mathematics},
  year={1951},
  publisher={JSTOR}
}

@article{dynkin1963optimum,
  title={The optimum choice of the instant for stopping a Markov process},
  author={Dynkin, Evgenii Borisovich},
  journal={Soviet Mathematics},
  year={1963}
}

@article{gong2019real,
  title={Real-time adversarial attacks},
  author={Gong, Yuan and Li, Boyang and Poellabauer, Christian and Shi, Yiyu},
  journal={Proceedings of the Twenty-Eighth International Joint Conference on Artificial Intelligence {IJCAI-19}},
  year={2019}
}

@inproceedings{lin2017tactics,
  author    = {Yen-Chen Lin and Zhang-Wei Hong and Yuan-Hong Liao and Meng-Li Shih and Ming-Yu Liu and Min Sun},
  title     = {Tactics of Adversarial Attack on Deep Reinforcement Learning Agents},
  booktitle = {Proceedings of the Twenty-Sixth International Joint Conference on
               Artificial Intelligence, {IJCAI-17}},
  year      = {2017},
}

@article{sun2020stealthy,
  title={Stealthy and efficient adversarial attacks against deep reinforcement learning},
  author={Sun, Jianwen and Zhang, Tianwei and Xie, Xiaofei and Ma, Lei and Zheng, Yan and Chen, Kangjie and Liu, Yang},
  journal={The Thirty-Fourth AAAI Conference on Artificial Intelligence (AAAI-20)},
  year={2020}
}

@inproceedings{kleinberg2005multiple,
  title={A multiple-choice secretary algorithm with applications to online auctions.},
  author={Kleinberg, Robert D},
  booktitle={SODA},
  year={2005}
}

@article{brundage2020toward,
  title={Toward Trustworthy AI Development: Mechanisms for Supporting Verifiable Claims},
  author={Brundage, Miles and Avin, Shahar and Wang, Jasmine and Belfield, Haydn and Krueger, Gretchen and Hadfield, Gillian and Khlaaf, Heidy and Yang, Jingying and Toner, Helen and Fong, Ruth and others},
  journal={arXiv preprint arXiv:2004.07213},
  year={2020}
}

@article{raji2020saving,
  title={Saving Face: Investigating the Ethical Concerns of Facial Recognition Auditing},
  author={Raji, Inioluwa Deborah and Gebru, Timnit and Mitchell, Margaret and Buolamwini, Joy and Lee, Joonseok and Denton, Emily},
  journal={arXiv preprint arXiv:2001.00964},
  year={2020}
}

@article{bose2019generalizable,
  title={Generalizable Adversarial Attacks Using Generative Models},
  author={Bose, Avishek Joey and Cianflone, Andre and Hamiltion, William},
  journal={arXiv preprint arXiv:1905.10864},
  year={2019}
}

@article{huang2017parametric,
  title={Parametric adversarial divergences are good task losses for generative modeling},
  author={Huang, Gabriel and Berard, Hugo and Touati, Ahmed and Gidel, Gauthier and Vincent, Pascal and Lacoste-Julien, Simon},
  journal={Sixth International Conference on Learning Representations},
  year={2018}
}

@article{huang2019black,
  title={Black-Box Adversarial Attack with Transferable Model-based Embedding},
  author={Huang, Zhichao and Zhang, Tong},
  journal={Eighth International Conference on Learning Representations (ICLR)},
  year={2020}
}

@article{scikit-learn,
 title={Scikit-learn: Machine Learning in {P}ython},
 author={Pedregosa, F. and Varoquaux, G. and Gramfort, A. and Michel, V.
         and Thirion, B. and Grisel, O. and Blondel, M. and Prettenhofer, P.
         and Weiss, R. and Dubourg, V. and Vanderplas, J. and Passos, A. and
         Cournapeau, D. and Brucher, M. and Perrot, M. and Duchesnay, E.},
 journal={Journal of Machine Learning Research},
 year={2011}
}

@inproceedings{tsipras2018robustness,
  title={Robustness may be at odds with accuracy},
  author={Tsipras, Dimitris and Santurkar, Shibani and Engstrom, Logan and Turner, Alexander and Madry, Aleksander},
  booktitle={ICML},
  year={2019}
}

@inproceedings{moosavi2016deepfool,
  title={Deepfool: a simple and accurate method to fool deep neural networks},
  author={Moosavi-Dezfooli, Seyed-Mohsen and Fawzi, Alhussein and Frossard, Pascal},
  booktitle={Proceedings of the IEEE conference on computer vision and pattern recognition},
  year={2016}
}
@inproceedings{athalye2018synthesizing,
  title={Synthesizing robust adversarial examples},
  author={Athalye, Anish and Engstrom, Logan and Ilyas, Andrew and Kwok, Kevin},
  booktitle={The Thirty-fifth International Conference on Machine Learning (ICML)},
  year={2018}
}

@article{li2018learning,
  title={Learning transferable adversarial examples via ghost networks},
  author={Li, Yingwei and Bai, Song and Zhou, Yuyin and Xie, Cihang and Zhang, Zhishuai and Yuille, Alan},
  journal={Thirty-Fourth AAAI Conference on Artificial Intelligence (AAAI)},
  year={2018}
}

@article{croce2020reliable,
  title={Reliable evaluation of adversarial robustness with an ensemble of diverse parameter-free attacks},
  author={Croce, Francesco and Hein, Matthias},
  journal={Thirty-seventh International Conference on Machine Learning (ICML)},
  year={2020}
}

@inproceedings{xie2019improving,
  title={Improving transferability of adversarial examples with input diversity},
  author={Xie, Cihang and Zhang, Zhishuai and Zhou, Yuyin and Bai, Song and Wang, Jianyu and Ren, Zhou and Yuille, Alan L},
  booktitle={Proceedings of the IEEE Conference on Computer Vision and Pattern Recognition},
  year={2019}
}

@article{li2019regional,
  title={Regional homogeneity: Towards learning transferable universal adversarial perturbations against defenses},
  author={Li, Yingwei and Bai, Song and Xie, Cihang and Liao, Zhenyu and Shen, Xiaohui and Yuille, Alan L},
  journal={European Conference on Computer Vision (ECCV)},
  year={2020}
}

@article{tramer2017ensemble,
  title={Ensemble adversarial training: Attacks and defenses},
  author={Tram{\`e}r, Florian and Kurakin, Alexey and Papernot, Nicolas and Goodfellow, Ian and Boneh, Dan and McDaniel, Patrick},
  journal={Sixth International Conference on Learning Representations (ICLR)},
  year={2018}
}

@article{wu2020skip,
  title={Skip connections matter: On the transferability of adversarial examples generated with resnets},
  author={Wu, Dongxian and Wang, Yisen and Xia, Shu-Tao and Bailey, James and Ma, Xingjun},
  journal={Eigth International Conference on Learning Representations (ICLR)},
  year={2020}
}

@article{sion1958general,
  title={On general minimax theorems.},
  author={Sion, Maurice and others},
  journal={Pacific Journal of mathematics},
  year={1958}
}
@article{wald1945statistical,
  title={Statistical decision functions which minimize the maximum risk},
  author={Wald, Abraham},
  journal={Annals of Mathematics},
  year={1945}
}
@inproceedings{guo2019simple,
  title={Simple black-box adversarial attacks},
  author={Guo, Chuan and Gardner, Jacob R and You, Yurong and Wilson, Andrew Gordon and Weinberger, Kilian Q},
  booktitle={Thirthy-Sixth International Conference on Machine
Learning (ICML)},
  year={2019}
}

@article{liu2016delving,
  title={Delving into transferable adversarial examples and black-box attacks},
  author={Liu, Yanpei and Chen, Xinyun and Liu, Chang and Song, Dawn},
  journal={arXiv preprint arXiv:1611.02770},
  year={2016}
}

@article{na2017cascade,
  title={Cascade adversarial machine learning regularized with a unified embedding},
  author={Na, Taesik and Ko, Jong Hwan and Mukhopadhyay, Saibal},
  journal={arXiv preprint arXiv:1708.02582},
  year={2017}
}

@article{wang2019direct,
  title={A direct approach to robust deep learning using adversarial networks},
  author={Wang, Huaxia and Yu, Chun-Nam},
  journal={arXiv preprint arXiv:1905.09591},
  year={2019}
}

@article{liu2018adv,
  title={Adv-bnn: Improved adversarial defense through robust bayesian neural network},
  author={Liu, Xuanqing and Li, Yao and Wu, Chongruo and Hsieh, Cho-Jui},
  journal={arXiv preprint arXiv:1810.01279},
  year={2018}
}

@inproceedings{plotz2018neural,
title = {Neural Nearest Neighbors Networks},
author = {Pl\"{o}tz, Tobias and Roth, Stefan},
booktitle = {Advances in Neural Information Processing Systems 31},
pages = {1087--1098},
year = {2018}
}
@article{hochreiter1997long,
  title={Long short-term memory},
  author={Hochreiter, Sepp and Schmidhuber, J{\"u}rgen},
  journal={Neural computation},
  year={1997},
  publisher={MIT Press}
}

@article{gong2018adversarial,
  title={Adversarial texts with gradient methods},
  author={Gong, Zhitao and Wang, Wenlu and Li, Bo and Song, Dawn and Ku, Wei-Shinn},
  journal={arXiv preprint arXiv:1801.07175},
  year={2018}
}
@article{arjovsky2017wasserstein,
  title={Wasserstein gan},
  author={Arjovsky, Martin and Chintala, Soumith and Bottou, L{\'e}on},
  journal={arXiv preprint arXiv:1701.07875},
  year={2017}
}

@inproceedings{maas2013rectifier,
  title={Rectifier nonlinearities improve neural network acoustic models},
  author={Maas, Andrew L and Hannun, Awni Y and Ng, Andrew Y},
  booktitle={Proc. icml},
  year={2013}
}
@article{wierstra2014NES,
 author = {Wierstra, Daan and Schaul, Tom and Glasmachers, Tobias and Sun, Yi and Peters, Jan and Schmidhuber, J\"{u}rgen},
 title = {Natural Evolution Strategies},
 journal = {Journal of Machine Learning Research},
 issue_date = {January 2014},
 volume = {15},
 number = {1},
 month = jan,
 year = {2014},
 issn = {1532-4435},
 pages = {949--980},
 numpages = {32},
 url = {http://dl.acm.org/citation.cfm?id=2627435.2638566},
 acmid = {2638566},
 publisher = {JMLR.org},
 keywords = {black-box optimization, evolution strategies, natural gradient, sampling, stochastic search},
} 

@inproceedings{grathwohl2017backpropagation,
  title={Backpropagation through the void: Optimizing control variates for black-box gradient estimation},
  author={Grathwohl, Will and Choi, Dami and Wu, Yuhuai and Roeder, Geoff and Duvenaud, David},
  booktitle={International
Conference on Learning Representations (ICLR)},
  year={2018}
}

@inproceedings{kingma2014auto,
  title={Auto-encoding variational bayes},
  author={Kingma, Diederik P and Welling, Max},
  booktitle={International Conference on Learning Representations (ICLR)},
  year={2014}
}

@book{lidebrandt2007variance,
  title={Variance reduction three approaches to control variates},
  author={Lidebrandt, Thomas},
  year={2007},
  publisher={Citeseer}
}






@inproceedings{chen2017zoo,
  title={Zoo: Zeroth order optimization based black-box attacks to deep neural networks without training substitute models},
  author={Chen, Pin-Yu and Zhang, Huan and Sharma, Yash and Yi, Jinfeng and Hsieh, Cho-Jui},
  booktitle={Proceedings of the tenth ACM Workshop on Artificial Intelligence and Security},
  year={2017},
  organization={ACM}
}



@inproceedings{ilyas2017query,
  title={Query-Efficient Black-box Adversarial Examples},
  author={Ilyas, Andrew and Engstrom, Logan and Athalye, Anish and Lin, Jessy},
  booktitle={ICLR},
  year={2019}
}



@article{papernot2016transferability,
  title={Transferability in machine learning: from phenomena to black-box attacks using adversarial samples},
  author={Papernot, Nicolas and McDaniel, Patrick and Goodfellow, Ian},
  journal={arXiv preprint arXiv:1605.07277},
  year={2016}
}

@article{ilyas2018black,
  title={Black-box Adversarial Attacks with Limited Queries and Information},
  author={Ilyas, Andrew and Engstrom, Logan and Athalye, Anish and Lin, Jessy},
  journal={Thirty-fifth International Conference on Machine Learning (ICML)},
  year={2018}
}


@inproceedings{jiang2019black,
  title={Black-box adversarial attacks on video recognition models},
  author={Jiang, Linxi and Ma, Xingjun and Chen, Shaoxiang and Bailey, James and Jiang, Yu-Gang},
  booktitle={Proceedings of the twenty-seventh ACM International Conference on Multimedia},
  year={2019}
}

@article{madry2017towards,
  title={Towards deep learning models resistant to adversarial attacks},
  author={Madry, Aleksander and Makelov, Aleksandar and Schmidt, Ludwig and Tsipras, Dimitris and Vladu, Adrian},
  journal={Sixth International Conference on Learning Representations (ICLR)},
  year={2017}
}



@article{szegedy2013intriguing,
  title={Intriguing properties of neural networks},
  author={Szegedy, Christian and Zaremba, Wojciech and Sutskever, Ilya and Bruna, Joan and Erhan, Dumitru and Goodfellow, Ian and Fergus, Rob},
  journal={Second International Conference on Learning Representations (ICLR)},
  year={2014}
}
@article{goodfellow2014explaining,
  title={Explaining and harnessing adversarial examples},
  author={Goodfellow, Ian J and Shlens, Jonathon and Szegedy, Christian},
  journal={Third International Conference of Learning Representations (ICLR) },
  year={2015}
}

@inproceedings{gong2019remasc,
  author={Yuan Gong and Jian Yang and Jacob Huber and Mitchell MacKnight and Christian Poellabauer},
  title={{ReMASC: Realistic Replay Attack Corpus for Voice Controlled Systems}},
  year=2019,
  booktitle={Proc. Interspeech 2019}
}





@inproceedings{papernot2016practical,
  title={Practical black-box attacks against machine learning},
  author={Papernot, Nicolas and McDaniel, Patrick and Goodfellow, Ian and Jha, Somesh and Celik, Z Berkay and Swami, Ananthram},
  booktitle={Proceedings of the 2017 ACM on Asia Conference on Computer and Communications Security},
  year={2017},
  organization={ACM}
}



@article{lecun-mnisthandwrittendigit-2010,
  added-at = {2010-06-28T21:16:30.000+0200},
  author = {LeCun, Yann and Cortes, Corinna},
  biburl = {https://www.bibsonomy.org/bibtex/2935bad99fa1f65e03c25b315aa3c1032/mhwombat},
  groups = {public},
  howpublished = {http://yann.lecun.com/exdb/mnist/},
  interhash = {21b9d0558bd66279df9452562df6e6f3},
  intrahash = {935bad99fa1f65e03c25b315aa3c1032},
  keywords = {MSc _checked character_recognition mnist network neural},
  lastchecked = {2016-01-14 14:24:11},
  timestamp = {2016-07-12T19:25:30.000+0200},
  title = {{MNIST} handwritten digit database},
  url = {http://yann.lecun.com/exdb/mnist/},
  username = {mhwombat},
  year = 2010
}


@inproceedings{Ding2020MMA,
title={{MMA} Training: Direct Input Space Margin Maximization through Adversarial Training},
author={Ding, Gavin Weiguang and Sharma, Yash and Lui, Kry Yik Chau and Huang, Ruitong},
booktitle={International Conference on Learning Representations},
year={2020},
}


@article{maddison2016concrete,
  title={The concrete distribution: A continuous relaxation of discrete random variables},
  author={Maddison, Chris J and Mnih, Andriy and Teh, Yee Whye},
  journal={Fifth International Conference on Learning Representations (ICLR)},
  year={2017}
}

@inproceedings{tu2019autozoom,
  title={Autozoom: Autoencoder-based zeroth order optimization method for attacking black-box neural networks},
  author={Tu, Chun-Chen and Ting, Paishun and Chen, Pin-Yu and Liu, Sijia and Zhang, Huan and Yi, Jinfeng and Hsieh, Cho-Jui and Cheng, Shin-Ming},
  booktitle={Proceedings of the AAAI Conference on Artificial Intelligence},
  year={2019}
}

@inproceedings{vaswani2019painless,
  title={Painless stochastic gradient: Interpolation, line-search, and convergence rates},
  author={Vaswani, Sharan and Mishkin, Aaron and Laradji, Issam and Schmidt, Mark and Gidel, Gauthier and Lacoste-Julien, Simon},
  booktitle={Advances in Neural Information Processing Systems},
  year={2019}
}

@article{xu2019adversarial,
  title={Adversarial attacks and defenses in images, graphs and text: A review},
  author={Xu, Han and Ma, Yao and Liu, Haochen and Deb, Debayan and Liu, Hui and Tang, Jiliang and Jain, Anil},
  journal={arXiv preprint arXiv:1909.08072},
  year={2019}
}

@inproceedings{buckman2018thermometer,
  title={Thermometer encoding: One hot way to resist adversarial examples},
  author={Buckman, Jacob and Roy, Aurko and Raffel, Colin and Goodfellow, Ian},
  booktitle={International Conference on Learning Representations (ICLR 2018)},
  year={2018}
}

@article{dhillon2018stochastic,
  title={Stochastic activation pruning for robust adversarial defense},
  author={Dhillon, Guneet S and Azizzadenesheli, Kamyar and Lipton, Zachary C and Bernstein, Jeremy and Kossaifi, Jean and Khanna, Aran and Anandkumar, Anima},
  journal={Sixth International Conference on Learning Representations (ICLR)},
  year={2018}
}

@article{grosse2017statistical,
  title={On the (statistical) detection of adversarial examples},
  author={Grosse, Kathrin and Manoharan, Praveen and Papernot, Nicolas and Backes, Michael and McDaniel, Patrick},
  journal={arXiv preprint arXiv:1702.06280},
  year={2017}
}

@article{gong2017adversarial,
  title={Adversarial and clean data are not twins},
  author={Gong, Zhitao and Wang, Wenlu and Ku, Wei-Shinn},
  journal={arXiv preprint arXiv:1705.04960},
  year={2017}
}

@article{metzen2017detecting,
  title={On detecting adversarial perturbations},
  author={Metzen, Jan Hendrik and Genewein, Tim and Fischer, Volker and Bischoff, Bastian},
  journal={Sixth International Conference on Learning Representations (ICLR)},
  year={2017}
}
@article{guo2017countering,
  title={Countering adversarial images using input transformations},
  author={Guo, Chuan and Rana, Mayank and Cisse, Moustapha and Van Der Maaten, Laurens},
  journal={Sixth International Conference on Learning Representations (ICLR)},
  year={2018}
}
@article{song2017pixeldefend,
  title={Pixeldefend: Leveraging generative models to understand and defend against adversarial examples},
  author={Song, Yang and Kim, Taesup and Nowozin, Sebastian and Ermon, Stefano and Kushman, Nate},
  journal={Sixth International Conference on Learning Representations (ICLR)},
  year={2018}
}

@inproceedings{paszke2019pytorch,
  title={PyTorch: An imperative style, high-performance deep learning library},
  author={Paszke, Adam and Gross, Sam and Massa, Francisco and Lerer, Adam and Bradbury, James and Chanan, Gregory and Killeen, Trevor and Lin, Zeming and Gimelshein, Natalia and Antiga, Luca and others},
  booktitle={Advances in Neural Information Processing Systems},
  year={2019}
}

@article{ding2019advertorch,
  title={{AdverTorch} v0.1: An Adversarial Robustness Toolbox based on PyTorch},
  author={Ding, Gavin Weiguang and Wang, Luyu and Jin, Xiaomeng},
  journal={arXiv preprint arXiv:1902.07623},
  year={2019}
}

@article{chakraborty2018adversarial,
  title={Adversarial attacks and defences: A survey},
  author={Chakraborty, Anirban and Alam, Manaar and Dey, Vishal and Chattopadhyay, Anupam and Mukhopadhyay, Debdeep},
  journal={arXiv preprint arXiv:1810.00069},
  year={2018}
}

@article{kurakin2016adversarialscale,
  title={Adversarial machine learning at scale},
  author={Kurakin, Alexey and Goodfellow, Ian and Bengio, Samy},
  journal={arXiv preprint arXiv:1611.01236},
  year={2016}
}
@article{erraqabi2018a3t,
  title={A3t: Adversarially augmented adversarial training},
  author={Erraqabi, Akram and Baratin, Aristide and Bengio, Yoshua and Lacoste-Julien, Simon},
  journal={arXiv preprint arXiv:1801.04055},
  year={2018}
}

@book{nisan2007algorithmic,
  title={Algorithmic Game Theory},
  author={Nisan, Noam and Roughgarden, Tim and Tardos, Eva and Vazirani, Vijay V},
  year={2007},
  publisher={Cambridge University Press}
}
@article{kurakin2016adversarial,
  title={Adversarial examples in the physical world},
  author={Kurakin, Alexey and Goodfellow, Ian and Bengio, Samy},
  journal={arXiv preprint arXiv:1607.02533},
  year={2016}
}
@inproceedings{
gidel2019variational,
title={A Variational Inequality Perspective on Generative Adversarial Networks},
author={Gauthier Gidel and Hugo Berard and Gaëtan Vignoud and Pascal Vincent and Simon Lacoste-Julien},
booktitle={Seventh International Conference on Learning Representations (ICLR) },
year={2019},
}

@article{simonyan2014very,
  title={Very deep convolutional networks for large-scale image recognition},
  author={Simonyan, Karen and Zisserman, Andrew},
  journal={Third International Conference on Learning Representations (ICLR)},
  year={2015}
}
@inproceedings{he2016deep,
  title={Deep residual learning for image recognition},
  author={He, Kaiming and Zhang, Xiangyu and Ren, Shaoqing and Sun, Jian},
  booktitle={Proceedings of the IEEE conference on computer vision and pattern recognition},
  year={2016}
}

@article{lecun1998gradient,
  title={Gradient-based learning applied to document recognition},
  author={LeCun, Yann and Bottou, L{\'e}on and Bengio, Yoshua and Haffner, Patrick},
  journal={Proceedings of the IEEE},
  volume={86},
  number={11},
  pages={2278--2324},
  year={1998},
  publisher={IEEE}
}
@article{krizhevsky2014cifar,
  title={The CIFAR-10 dataset},
  author={Krizhevsky, Alex and Nair, Vinod and Hinton, Geoffrey},
  journal={online: http://www. cs. toronto. edu/kriz/cifar. html},
  year={2014}
}
@article{lee2017generative,
  title={Generative Adversarial Trainer: Defense to Adversarial Perturbations with GAN},
  author={Lee, Hyeungill and Han, Sungyeob and Lee, Jungwoo},
  journal={arXiv preprint arXiv:1705.03387},
  year={2017}
}
@article{kingma2014adam,
  title={Adam: A method for stochastic optimization},
  author={Kingma, Diederik and Ba, Jimmy},
  journal={arXiv preprint arXiv:1412.6980},
  year={2014}
}

@inproceedings{charles2019geometric,
  title={A geometric perspective on the transferability of adversarial directions},
  author={Charles, Zachary and Rosenberg, Harrison and Papailiopoulos, Dimitris},
  booktitle={The Twenty-Second International Conference on Artificial Intelligence and Statistics},
  year={2019}
}

@inproceedings{43022,
title = {Going Deeper with Convolutions},
author  = {Christian Szegedy and Wei Liu and Yangqing Jia and Pierre Sermanet and Scott Reed and Dragomir Anguelov and Dumitru Erhan and Vincent Vanhoucke and Andrew Rabinovich},
year  = {2015},
URL = {http://arxiv.org/abs/1409.4842},
booktitle = {Computer Vision and Pattern Recognition (CVPR)}
}

@article{lecun2015lenet,
  title={LeNet-5, convolutional neural networks},
  author={LeCun, Yann and others},
  journal={URL: http://yann. lecun. com/exdb/lenet},
  year={2015}
}

@article{esteva2017dermatologist,
  title={Dermatologist-level classification of skin cancer with deep neural networks},
  author={Esteva, Andre and Kuprel, Brett and Novoa, Roberto A and Ko, Justin and Swetter, Susan M and Blau, Helen M and Thrun, Sebastian},
  journal={Nature},
  volume={542},
  number={7639},
  pages={115--118},
  year={2017},
  publisher={Nature Research}
}

@article{schmidhuber2015deep,
  title={Deep learning in neural networks: An overview},
  author={Schmidhuber, J{\"u}rgen},
  journal={Neural networks},
  volume={61},
  pages={85--117},
  year={2015},
  publisher={Elsevier}
}
@inproceedings{krizhevsky2009learning,
  title={Learning Multiple Layers of Features from Tiny Images},
  booktitle={Tech Report, UofT},
  author={Alex Krizhevsky},
  year={2009}
}

@inproceedings{baluja2017adversarial,
  title={Learning to attack: Adversarial transformation networks},
  author={Baluja, Shumeet and Fischer, Ian},
  booktitle={Thirty-second aaai conference on artificial intelligence (AAAI)},
  year={2018}
}

@article{carlini2017magnet,
  title={MagNet and Efficient Defenses Against Adversarial Attacks are Not Robust to Adversarial Examples},
  author={Carlini, Nicholas and Wagner, David},
  journal={arXiv preprint arXiv:1711.08478},
  year={2017}
}
@article{shen2017ape,
  title={Ape-gan: Adversarial perturbation elimination with gan},
  author={Shen, Shiwei and Jin, Guoqing and Gao, Ke and Zhang, Yongdong},
  journal={arXiv preprint arXiv:1707.05474},
  year={2017}
}
@inproceedings{xie2017adversarial,
  title={Adversarial examples for semantic segmentation and object detection},
  author={Xie, Cihang and Wang, Jianyu and Zhang, Zhishuai and Zhou, Yuyin and Xie, Lingxi and Yuille, Alan},
  booktitle={International Conference on Computer Vision. IEEE},
  year={2017}
}
@article{girshick2015fast,
  title={Fast r-cnn},
  author={Girshick, Ross},
  journal={arXiv preprint arXiv:1504.08083},
  year={2015}
}
@article{das2017keeping,
  title={Keeping the bad guys out: Protecting and vaccinating deep learning with jpeg compression},
  author={Das, Nilaksh and Shanbhogue, Madhuri and Chen, Shang-Tse and Hohman, Fred and Chen, Li and Kounavis, Michael E and Chau, Duen Horng},
  journal={arXiv preprint arXiv:1705.02900},
  year={2017}
}
@article{dziugaite2016study,
  title={A study of the effect of jpg compression on adversarial images},
  author={Dziugaite, Gintare Karolina and Ghahramani, Zoubin and Roy, Daniel M},
  journal={arXiv preprint arXiv:1608.00853},
  year={2016}
}
@article{csaji2001approximation,
  title={Approximation with artificial neural networks},
  author={Cs{\'a}ji, Bal{\'a}zs Csan{\'a}d},
  journal={Faculty of Sciences, Etvs Lornd University, Hungary},
  volume={24},
  pages={48},
  year={2001}
}
@article{olah2018building,
  title={The Building Blocks of Interpretability},
  author={Olah, Chris and Satyanarayan, Arvind and Johnson, Ian and Carter, Shan and Schubert, Ludwig and Ye, Katherine and Mordvintsev, Alexander},
  journal={Distill},
  volume={3},
  number={3},
  pages={e10},
  year={2018}
}
@article{gross2010multi,
  title={Multi-pie},
  author={Gross, Ralph and Matthews, Iain and Cohn, Jeffrey and Kanade, Takeo and Baker, Simon},
  journal={Image and Vision Computing},
  volume={28},
  number={5},
  pages={807--813},
  year={2010},
  publisher={Elsevier}
}
@article{belhumeur2013localizing,
  title={Localizing parts of faces using a consensus of exemplars},
  author={Belhumeur, Peter N and Jacobs, David W and Kriegman, David J and Kumar, Neeraj},
  journal={IEEE transactions on pattern analysis and machine intelligence},
  volume={35},
  number={12},
  pages={2930--2940},
  year={2013},
  publisher={IEEE}
}
@inproceedings{zhu2012face,
  title={Face detection, pose estimation, and landmark localization in the wild},
  author={Zhu, Xiangxin and Ramanan, Deva},
  booktitle={Computer Vision and Pattern Recognition (CVPR), 2012 IEEE Conference on},
  pages={2879--2886},
  year={2012},
  organization={IEEE}
}
@inproceedings{le2012interactive,
  title={Interactive facial feature localization},
  author={Le, Vuong and Brandt, Jonathan and Lin, Zhe and Bourdev, Lubomir and Huang, Thomas S},
  booktitle={European Conference on Computer Vision},
  pages={679--692},
  year={2012},
  organization={Springer}
}
@inproceedings{messer1999xm2vtsdb,
  title={XM2VTSDB: The extended M2VTS database},
  author={Messer, Kieron and Matas, Jiri and Kittler, Josef and Luettin, Juergen and Maitre, Gilbert},
  booktitle={Second international conference on audio and video-based biometric person authentication},
  volume={964},
  pages={965--966},
  year={1999}
}
@inproceedings{phillips2005overview,
  title={Overview of the face recognition grand challenge},
  author={Phillips, P Jonathon and Flynn, Patrick J and Scruggs, Todd and Bowyer, Kevin W and Chang, Jin and Hoffman, Kevin and Marques, Joe and Min, Jaesik and Worek, William},
  booktitle={Computer vision and pattern recognition, 2005. CVPR 2005. IEEE computer society conference on},
  volume={1},
  pages={947--954},
  year={2005},
  organization={IEEE}
}

@inproceedings{deng2009imagenet,
  title={Imagenet: A large-scale hierarchical image database},
  author={Deng, Jia and Dong, Wei and Socher, Richard and Li, Li-Jia and Li, Kai and Fei-Fei, Li},
  booktitle={Computer Vision and Pattern Recognition, 2009. CVPR 2009. IEEE Conference on},
  pages={248--255},
  year={2009},
  organization={IEEE}
}
@inproceedings{yang2016wider,
  title={Wider face: A face detection benchmark},
  author={Yang, Shuo and Luo, Ping and Loy, Chen-Change and Tang, Xiaoou},
  booktitle={Proceedings of the IEEE Conference on Computer Vision and Pattern Recognition},
  pages={5525--5533},
  year={2016}
}
@article{das2017keeping,
  title={Keeping the bad guys out: Protecting and vaccinating deep learning with jpeg compression},
  author={Das, Nilaksh and Shanbhogue, Madhuri and Chen, Shang-Tse and Hohman, Fred and Chen, Li and Kounavis, Michael E and Chau, Duen Horng},
  journal={arXiv preprint arXiv:1705.02900},
  year={2017}
}
@article{dziugaite2016study,
  title={A study of the effect of jpg compression on adversarial images},
  author={Dziugaite, Gintare Karolina and Ghahramani, Zoubin and Roy, Daniel M},
  journal={arXiv preprint arXiv:1608.00853},
  year={2016}
}
@article{figurnov2018implicit,
  title={Implicit Reparameterization Gradients},
  author={Figurnov, Michael and Mohamed, Shakir and Mnih, Andriy},
  journal={arXiv preprint arXiv:1805.08498},
  year={2018}
}
@article{rezende2015variational,
  title={Variational inference with normalizing flows},
  author={Rezende, Danilo Jimenez and Mohamed, Shakir},
  journal={arXiv preprint arXiv:1505.05770},
  year={2015}
}
@article{rezende2014stochastic,
  title={Stochastic backpropagation and approximate inference in deep generative models},
  author={Rezende, Danilo Jimenez and Mohamed, Shakir and Wierstra, Daan},
  journal={31st International Conference on Machine Learning},
  year={2014}
}
@article{text_survey1,
  author    = {Wenqi Wang and
               Benxiao Tang and
               Run Wang and
               Lina Wang and
               Aoshuang Ye},
  title     = {A survey on Adversarial Attacks and Defenses in Text},
  journal   = {CoRR},
  volume    = {abs/1902.07285},
  year      = {2019},
  url       = {http://arxiv.org/abs/1902.07285},
  archivePrefix = {arXiv},
  eprint    = {1902.07285},
  timestamp = {Sat, 02 Mar 2019 16:35:39 +0100},
  biburl    = {https://dblp.org/rec/bib/journals/corr/abs-1902-07285},
  bibsource = {dblp computer science bibliography, https://dblp.org}
}
@article{sun2018adversarial,
  title={Adversarial Attack and Defense on Graph Data: A Survey},
  author={Sun, Lichao and Wang, Ji and Yu, Philip S and Li, Bo},
  journal={arXiv preprint arXiv:1812.10528},
  year={2018}
}
@article{akhtar2018threat,
  title={Threat of adversarial attacks on deep learning in computer vision: A survey},
  author={Akhtar, Naveed and Mian, Ajmal},
  journal={IEEE Access},
  year={2018},
  publisher={IEEE}
}
@article{xiao2018generating,
  title={Generating adversarial examples with adversarial networks},
  author={Xiao, Chaowei and Li, Bo and Zhu, Jun-Yan and He, Warren and Liu, Mingyan and Song, Dawn},
  journal={Proceedings of the Twenty-Seventh International Joint Conference on Artificial Intelligence (IJCAI)},
  year={2018}
}
@article{li2018textbugger,
  title={TEXTBUGGER: Generating Adversarial Text Against Real-world Applications},
  author={Li, Jinfeng and Ji, Shouling and Du, Tianyu and Li, Bo and Wang, Ting},
  journal={arXiv preprint arXiv:1812.05271},
  year={2018}
}
@article{ebrahimi2017hotflip,
  title={Hotflip: White-box adversarial examples for text classification},
  author={Ebrahimi, Javid and Rao, Anyi and Lowd, Daniel and Dou, Dejing},
  journal={arXiv preprint arXiv:1712.06751},
  year={2017}
}
@inproceedings{gao2018black,
  title={Black-box generation of adversarial text sequences to evade deep learning classifiers},
  author={Gao, Ji and Lanchantin, Jack and Soffa, Mary Lou and Qi, Yanjun},
  booktitle={2018 IEEE Security and Privacy Workshops (SPW)},
  pages={50--56},
  year={2018},
  organization={IEEE}
}

@inproceedings{dong2019evading,
  title={Evading defenses to transferable adversarial examples by translation-invariant attacks},
  author={Dong, Yinpeng and Pang, Tianyu and Su, Hang and Zhu, Jun},
  booktitle={Proceedings of the IEEE Conference on Computer Vision and Pattern Recognition},
  year={2019}
}

@inproceedings{dong2018boosting,
  title={Boosting adversarial attacks with momentum},
  author={Dong, Yinpeng and Liao, Fangzhou and Pang, Tianyu and Su, Hang and Zhu, Jun and Hu, Xiaolin and Li, Jianguo},
  booktitle={Proceedings of the IEEE conference on computer vision and pattern recognition},
  year={2018}
}

@article{du2019query,
  title={Query-efficient Meta Attack to Deep Neural Networks},
  author={Du, Jiawei and Zhang, Hu and Zhou, Joey Tianyi and Yang, Yi and Feng, Jiashi},
  journal={Eighth International Conference on Learning Representations (ICLR 2020)},
  year={2020}
}

@article{sato2018interpretable,
  title={Interpretable adversarial perturbation in input embedding space for text},
  author={Sato, Motoki and Suzuki, Jun and Shindo, Hiroyuki and Matsumoto, Yuji},
  journal={arXiv preprint arXiv:1805.02917},
  year={2018}
}
@article{dai2018adversarial,
  title={Adversarial attack on graph structured data},
  author={Dai, Hanjun and Li, Hui and Tian, Tian and Huang, Xin and Wang, Lin and Zhu, Jun and Song, Le},
  journal={arXiv preprint arXiv:1806.02371},
  year={2018}
}
@inproceedings{zugner2018adversarial,
  title={Adversarial attacks on neural networks for graph data},
  author={Z{\"u}gner, Daniel and Akbarnejad, Amir and G{\"u}nnemann, Stephan},
  booktitle={Proceedings of the 24th ACM SIGKDD International Conference on Knowledge Discovery \& Data Mining},
  pages={2847--2856},
  year={2018},
  organization={ACM}
}
@article{zugner_meta,
  author    = {Daniel Z{\"{u}}gner and
               Stephan G{\"{u}}nnemann},
  title     = {Adversarial Attacks on Graph Neural Networks via Meta Learning},
  journal   = {CoRR},
  volume    = {abs/1902.08412},
  year      = {2019},
  url       = {http://arxiv.org/abs/1902.08412},
  archivePrefix = {arXiv},
  eprint    = {1902.08412},
  timestamp = {Mon, 04 Mar 2019 15:54:36 +0100},
  biburl    = {https://dblp.org/rec/bib/journals/corr/abs-1902-08412},
  bibsource = {dblp computer science bibliography, https://dblp.org}
}
@article{alzantot2018generating,
  title={Generating natural language adversarial examples},
  author={Alzantot, Moustafa and Sharma, Yash and Elgohary, Ahmed and Ho, Bo-Jhang and Srivastava, Mani and Chang, Kai-Wei},
  journal={arXiv preprint arXiv:1804.07998},
  year={2018}
}
@article{zhao2017generating,
  title={Generating natural adversarial examples},
  author={Zhao, Zhengli and Dua, Dheeru and Singh, Sameer},
  journal={Sixth International Conference on Learning Representations},
  year={2018}
}
@article{li2019nattack,
  title={NATTACK: Learning the Distributions of Adversarial Examples for an Improved Black-Box Attack on Deep Neural Networks},
  author={Li, Yandong and Li, Lijun and Wang, Liqiang and Zhang, Tong and Gong, Boqing},
  journal={Thirty-Sixth International Conference on Machine
Learning (ICML)},
  year={2019}
}
@inproceedings{eykholt2018robust,
  title={Robust physical-world attacks on deep learning visual classification},
  author={Eykholt, Kevin and Evtimov, Ivan and Fernandes, Earlence and Li, Bo and Rahmati, Amir and Xiao, Chaowei and Prakash, Atul and Kohno, Tadayoshi and Song, Dawn},
  booktitle={Proceedings of the IEEE Conference on Computer Vision and Pattern Recognition},
  pages={1625--1634},
  year={2018}
}
@InProceedings{maas-EtAl:2011:ACL-HLT2011,
  author    = {Maas, Andrew L.  and  Daly, Raymond E.  and  Pham, Peter T.  and  Huang, Dan  and  Ng, Andrew Y.  and  Potts, Christopher},
  title     = {Learning Word Vectors for Sentiment Analysis},
  booktitle = {Proceedings of the 49th Annual Meeting of the Association for Computational Linguistics: Human Language Technologies},
  month     = {June},
  year      = {2011},
  address   = {Portland, Oregon, USA},
  publisher = {Association for Computational Linguistics},
  pages     = {142--150},
  url       = {http://www.aclweb.org/anthology/P11-1015}
}
@inproceedings{pennington2014glove,
  title={Glove: Global vectors for word representation},
  author={Pennington, Jeffrey and Socher, Richard and Manning, Christopher},
  booktitle={Proceedings of the 2014 conference on empirical methods in natural language processing (EMNLP)},
  pages={1532--1543},
  year={2014}
}
@inproceedings{lu2003link,
  title={Link-based classification},
  author={Lu, Qing and Getoor, Lise},
  booktitle={Proceedings of the 20th International Conference on Machine Learning (ICML-03)},
  pages={496--503},
  year={2003}
}
@article{bhattacharya2007collective,
  title={Collective entity resolution in relational data},
  author={Bhattacharya, Indrajit and Getoor, Lise},
  journal={ACM Transactions on Knowledge Discovery from Data (TKDD)},
  volume={1},
  number={1},
  pages={5},
  year={2007},
  publisher={ACM}
}
@article{sen2008collective,
  title={Collective classification in network data},
  author={Sen, Prithviraj and Namata, Galileo and Bilgic, Mustafa and Getoor, Lise and Galligher, Brian and Eliassi-Rad, Tina},
  journal={AI magazine},
  volume={29},
  number={3},
  pages={93--93},
  year={2008}
}
@article{scarselli2008graph,
  title={The graph neural network model},
  author={Scarselli, Franco and Gori, Marco and Tsoi, Ah Chung and Hagenbuchner, Markus and Monfardini, Gabriele},
  journal={IEEE Transactions on Neural Networks},
  volume={20},
  number={1},
  pages={61--80},
  year={2008},
  publisher={IEEE}
}
@article{kipf2016semi,
  title={Semi-supervised classification with graph convolutional networks},
  author={Kipf, Thomas N and Welling, Max},
  journal={arXiv preprint arXiv:1609.02907},
  year={2016}
}

@book{boyd2004convex,
  title={Convex optimization},
  author={Boyd, Stephen and Vandenberghe, Lieven},
  year={2004},
  publisher={Cambridge university press}
}

@article{bruckner2012static,
  title={Static prediction games for adversarial learning problems},
  author={Br{\"u}ckner, Michael and Kanzow, Christian and Scheffer, Tobias},
  journal={The Journal of Machine Learning Research},
  volume={13},
  number={1},
  pages={2617--2654},
  year={2012},
  publisher={JMLR. org}
}

@inproceedings{bruckner2011stackelberg,
  title={Stackelberg games for adversarial prediction problems},
  author={Br{\"u}ckner, Michael and Scheffer, Tobias},
  booktitle={Proceedings of the 17th ACM SIGKDD international conference on Knowledge discovery and data mining},
  year={2011}
}
@inproceedings{baldi2012autoencoders,
  title={Autoencoders, unsupervised learning, and deep architectures},
  author={Baldi, Pierre},
  booktitle={Proceedings of ICML workshop on unsupervised and transfer learning},
  pages={37--49},
  year={2012}
}

@article{bose2020adversarial,
  title={Adversarial Example Games},
  author={Bose, Avishek Joey and Gidel, Gauthier and Berard, Hugo and Cianflone, Andre and Vincent, Pascal and Lacoste-Julien, Simon and Hamilton, William L},
  journal={Thirty-fourth Conference on Neural Information Processing Systems},
  year={2020}
}

@inproceedings{chan2014revealing,
  title={Revealing optimal thresholds for generalized secretary problem via continuous LP: impacts on online K-item auction and bipartite K-matching with random arrival order},
  author={Chan, TH Hubert and Chen, Fei and Jiang, Shaofeng H-C},
  booktitle={Proceedings of the Twenty-Sixth Annual ACM-SIAM Symposium on Discrete Algorithms},
  year={2014}
}

@article{albers2020new,
  title={New Results for the $ k $-Secretary Problem},
  author={Albers, Susanne and Ladewig, Leon},
  journal={arXiv preprint arXiv:2012.00488},
  year={2020}
}

@article{antoniadis2020secretary,
  title={Secretary and online matching problems with machine learned advice},
  author={Antoniadis, Antonios and Gouleakis, Themis and Kleer, Pieter and Kolev, Pavel},
  journal={arXiv preprint arXiv:2006.01026},
  year={2020}
}
@article{ferguson1989solved,
  title={Who solved the secretary problem?},
  author={Ferguson, Thomas S and others},
  journal={Statistical science},
  year={1989},
  publisher={Institute of Mathematical Statistics}
}

@article{buchbinder2014secretary,
  title={Secretary problems via linear programming},
  author={Buchbinder, Niv and Jain, Kamal and Singh, Mohit},
  journal={Mathematics of Operations Research},
  volume={39},
  number={1},
  pages={190--206},
  year={2014},
  publisher={INFORMS}
}

@article{gardner1960mathematical,
  title={Mathematical games},
  author={Gardner, Martin},
  journal={Scientific American},
  year={1960},
  publisher={JSTOR}
}

@inproceedings{azar2018prophet,
  title={Prophet secretary: Surpassing the 1-1/e barrier},
  author={Azar, Yossi and Chiplunkar, Ashish and Kaplan, Haim},
  booktitle={Proceedings of the 2018 ACM Conference on Economics and Computation},
  year={2018}
}

@article{correa2020prophet,
  title={Prophet secretary through blind strategies},
  author={Correa, Jose and Saona, Raimundo and Ziliotto, Bruno},
  journal={Mathematical Programming},
  year={2020},
  publisher={Springer}
}

@article{esfandiari2017prophet,
  title={Prophet secretary},
  author={Esfandiari, Hossein and Hajiaghayi, MohammadTaghi and Liaghat, Vahid and Monemizadeh, Morteza},
  journal={SIAM Journal on Discrete Mathematics},
  year={2017},
  publisher={SIAM}
}

@inproceedings{bradac2019robust,
  author =	{Domagoj Bradac and Anupam Gupta and Sahil Singla and Goran Zuzic},
  title =	{{Robust Algorithms for the Secretary Problem}},
  booktitle =	{ITCS},
  year =	{2020},
}

@inproceedings{kaplan2020competitive,
  title={Competitive analysis with a sample and the secretary problem},
  author={Kaplan, Haim and Naori, David and Raz, Danny},
  booktitle={Proceedings of the Fourteenth Annual ACM-SIAM Symposium on Discrete Algorithms},
  year={2020},
  organization={SIAM}
}

@article{dutting2020secretaries,
  title={Secretaries with Advice},
  author={D{\"u}tting, Paul and Lattanzi, Silvio and Leme, Renato Paes and Vassilvitskii, Sergei},
  journal={arXiv preprint arXiv:2011.06726},
  year={2020}
}

@inproceedings{azar2014prophet,
  title={Prophet inequalities with limited information},
  author={Azar, Pablo D and Kleinberg, Robert and Weinberg, S Matthew},
  booktitle={Proceedings of the twenty-fifth annual ACM-SIAM symposium on Discrete algorithms},
  year={2014},
  organization={SIAM}
  }
  
 @inproceedings{zagoruyko2016wide,
  title={Wide Residual Networks},
  author={Zagoruyko, Sergey and Komodakis, Nikos},
  booktitle={British Machine Vision Conference 2016},
  year={2016},
  organization={British Machine Vision Association}
}

@inproceedings{huang2017densely,
  title={Densely connected convolutional networks},
  author={Huang, Gao and Liu, Zhuang and Van Der Maaten, Laurens and Weinberger, Kilian Q},
  booktitle={Proceedings of the IEEE conference on computer vision and pattern recognition},
  pages={4700--4708},
  year={2017}
}

@inproceedings{szegedy2016rethinking,
  title={Rethinking the inception architecture for computer vision},
  author={Szegedy, Christian and Vanhoucke, Vincent and Ioffe, Sergey and Shlens, Jon and Wojna, Zbigniew},
  booktitle={Proceedings of the IEEE conference on computer vision and pattern recognition},
  pages={2818--2826},
  year={2016}
}
